@misc{Keepass,
    author = {Mršulja, Ivan R.},
    title = {Respositorio GitHub: ivanmrsulja/keepass2john},
    howpublished = {\url{https://github.com/ivanmrsulja/keepass2john}},
    note = {Último acceso: 2024-10-21 11:39:19}
}
@misc{FTKimager,
    author = {Exterro},
    title = {Descargar FTK Imager 4.7},
    howpublished = {\url{https://go.exterro.com/l/43312/2023-05-03/fc4b78}},
    note = {Último acceso: 2024-10-21 13:09:40}
}
@misc{keefarce,
    author = {DoI},
    title = {Descargar FTK Imager 4.7},
    howpublished = {\url{https://github.com/denandz/KeeFarce}},
    note = {Último acceso: 2024-10-21 13:14:43}
}
@misc{techtarget,
    author = {Techtarget},
    title = {What is the Windows Security Accounts Manager (SAM)?},
    howpublished = {\url{https://www.techtarget.com/searchenterprisedesktop/definition/Security-Accounts-Manager}},
    note = {Último acceso: 2024-10-21 13:16:48}   
}
@misc{techtarget-sam,
    author = {Techtarget-SAM},
    howpublished = {\url{https://renenyffenegger.ch/notes/Windows/registry/tree/HKEY_LOCAL_MACHINE/SAM/SAM/Domains/Account/Users/000001F4/index}},
    note = {Último acceso: 2024-10-21 13:16:51}
}
@misc{Mitre,
    author = {Mitre},
    title = {Masquerading, Technique T1036 - Enterprise | MITRE ATT&CK®},
    howpublished = {\url{https://attack.mitre.org/techniques/T1036/}},
    note = {Último acceso: 2024-10-21 13:16:56}
}
@misc{hashcat,
    author = {Hashcat},
    title = {hashcat - advanced password recovery},
    howpublished = {\url{https://hashcat.net/hashcat/}},
    note = {Último acceso: 2024-10-21 13:31:49}
}

@misc{John,
    author = {JohnTheRipper},
    title = {John the Ripper},
    howpublished = {\url{https://es.wikipedia.org/w/index.php?title=John_the_Ripper&oldid=146789320}},
    note = {Último acceso: 2024-10-21 13:33:42}
}
@misc{LastPass,
    author = {LastPass},
    title = {App líder en bóveda y gestión de contraseñas con inicio de sesión único y soluciones MFA - LastPass},
    howpublished = {\url{https://www.lastpass.com/es}},
    note = {Último acceso: 2024-10-21 14:05:10}
}

@misc{DNSDumpster,
    author = {DNSDumpster},
    title = {DNSDumpster.com - dns recon and research, find and lookup dns records},
    howpublished = {\url{https://dnsdumpster.com/}},
    note = {Último acceso: 2024-10-31 09:37:47}
}
@misc{DNSTrail,
    author = {DNSTrail},
    title = {SecurityTrails | SecurityTrails: Data Security, Threat Hunting, and Attack Surface Management Solutions for Security Teams},
    howpublished = {\url{https://securitytrails.com}},
    note = {Último acceso: 2024-10-31 09:40:37}
}

@misc{ProxyStatement,
    author = {Investopedia},
    title = {Proxy Definition, How It Works, Statements, Benefits, and Example},
    howpublished = {\url{https://www.investopedia.com/terms/p/proxy.asp#:~:text=Real%2DWorld%20Example%20of%20a%20Proxy&text=5%20It%20lists%20the%20date,meeting%2C%20and%20the%20board's%20recommendations.}},
    note = {Último acceso: 2024-10-31 10:38:50}
}
@misc{TryHackmeNmapRoom,
    author = {NmapRoom},
    title = {Nmap},
    howpublished = {\url{https://tryhackme.com/r/room/furthernmap}},
    note = {Último acceso: 2024-11-07 09:29:55}
}

@misc{Nmap,
    author = {Nmap},
    title = {Nmap: the Network Mapper - Free Security Scanner},
    howpublished = {\url{https://nmap.org/}},
    note = {Último acceso: 2024-11-07 09:28:27}
}
